%YAML 1.1
%TAG !u! tag:unity3d.com,2011:
--- !u!1001 &100100000
Prefab:
  m_ObjectHideFlags: 1
  serializedVersion: 2
  m_Modification:
    m_TransformParent: {fileID: 0}
    m_Modifications: []
    m_RemovedComponents: []
  m_ParentPrefab: {fileID: 0}
  m_RootGameObject: {fileID: 1288186765481480}
  m_IsPrefabParent: 1
--- !u!1 &1015366056956658
GameObject:
  m_ObjectHideFlags: 0
  m_PrefabParentObject: {fileID: 0}
  m_PrefabInternal: {fileID: 100100000}
  serializedVersion: 5
  m_Component:
  - component: {fileID: 4176715761265204}
  - component: {fileID: 212355322184145946}
  - component: {fileID: 114187710395644402}
  m_Layer: 10
  m_Name: GFX
  m_TagString: Untagged
  m_Icon: {fileID: 0}
  m_NavMeshLayer: 0
  m_StaticEditorFlags: 0
  m_IsActive: 1
--- !u!1 &1288186765481480
GameObject:
  m_ObjectHideFlags: 0
  m_PrefabParentObject: {fileID: 0}
  m_PrefabInternal: {fileID: 100100000}
  serializedVersion: 5
  m_Component:
  - component: {fileID: 4974251130265892}
  - component: {fileID: 114632605838736916}
  - component: {fileID: 114791264947182058}
  - component: {fileID: 61750785667990938}
  - component: {fileID: 114827393384310850}
  m_Layer: 10
  m_Name: Buff Fan
  m_TagString: Untagged
  m_Icon: {fileID: 0}
  m_NavMeshLayer: 0
  m_StaticEditorFlags: 0
  m_IsActive: 1
--- !u!1 &1355771209667218
GameObject:
  m_ObjectHideFlags: 0
  m_PrefabParentObject: {fileID: 0}
  m_PrefabInternal: {fileID: 100100000}
  serializedVersion: 5
  m_Component:
  - component: {fileID: 4026804916385464}
  - component: {fileID: 114606962464507142}
  - component: {fileID: 114606102736090400}
  - component: {fileID: 114546851959143004}
  m_Layer: 10
  m_Name: EnemyAI
  m_TagString: Untagged
  m_Icon: {fileID: 0}
  m_NavMeshLayer: 0
  m_StaticEditorFlags: 0
  m_IsActive: 1
--- !u!1 &1676301358386590
GameObject:
  m_ObjectHideFlags: 0
  m_PrefabParentObject: {fileID: 0}
  m_PrefabInternal: {fileID: 100100000}
  serializedVersion: 5
  m_Component:
  - component: {fileID: 4292216144899642}
  - component: {fileID: 114097127279678752}
  - component: {fileID: 114107068076093502}
  - component: {fileID: 61917650106562602}
  m_Layer: 10
  m_Name: Character
  m_TagString: Untagged
  m_Icon: {fileID: 0}
  m_NavMeshLayer: 0
  m_StaticEditorFlags: 0
  m_IsActive: 1
--- !u!1 &1805970107365828
GameObject:
  m_ObjectHideFlags: 0
  m_PrefabParentObject: {fileID: 0}
  m_PrefabInternal: {fileID: 100100000}
  serializedVersion: 5
  m_Component:
  - component: {fileID: 4343550207530220}
  - component: {fileID: 61324802474578924}
  - component: {fileID: 114893930404607848}
  m_Layer: 10
  m_Name: SwingZone
  m_TagString: Untagged
  m_Icon: {fileID: 0}
  m_NavMeshLayer: 0
  m_StaticEditorFlags: 0
  m_IsActive: 1
--- !u!1 &1825928343959356
GameObject:
  m_ObjectHideFlags: 1
  m_PrefabParentObject: {fileID: 0}
  m_PrefabInternal: {fileID: 100100000}
  serializedVersion: 5
  m_Component:
  - component: {fileID: 4057121350976552}
  - component: {fileID: 61825659263393624}
  - component: {fileID: 114694437682647746}
  - component: {fileID: 212299144995488318}
  m_Layer: 10
  m_Name: Horizontal
  m_TagString: Untagged
  m_Icon: {fileID: 0}
  m_NavMeshLayer: 0
  m_StaticEditorFlags: 0
  m_IsActive: 1
--- !u!1 &1933603054763512
GameObject:
  m_ObjectHideFlags: 0
  m_PrefabParentObject: {fileID: 0}
  m_PrefabInternal: {fileID: 100100000}
  serializedVersion: 5
  m_Component:
  - component: {fileID: 4911401833095836}
  - component: {fileID: 114542652869839638}
  m_Layer: 10
  m_Name: Melee
  m_TagString: Untagged
  m_Icon: {fileID: 0}
  m_NavMeshLayer: 0
  m_StaticEditorFlags: 0
  m_IsActive: 1
--- !u!4 &4026804916385464
Transform:
  m_ObjectHideFlags: 1
  m_PrefabParentObject: {fileID: 0}
  m_PrefabInternal: {fileID: 100100000}
  m_GameObject: {fileID: 1355771209667218}
  m_LocalRotation: {x: 0, y: 0, z: 0, w: 1}
  m_LocalPosition: {x: 0, y: 0, z: 0}
  m_LocalScale: {x: 1, y: 1, z: 1}
  m_Children: []
  m_Father: {fileID: 4974251130265892}
  m_RootOrder: 2
  m_LocalEulerAnglesHint: {x: 0, y: 0, z: 0}
--- !u!4 &4057121350976552
Transform:
  m_ObjectHideFlags: 1
  m_PrefabParentObject: {fileID: 0}
  m_PrefabInternal: {fileID: 100100000}
  m_GameObject: {fileID: 1825928343959356}
  m_LocalRotation: {x: 0, y: 0, z: 0, w: 1}
  m_LocalPosition: {x: 0, y: 0, z: 0}
  m_LocalScale: {x: 1, y: 1, z: 1}
  m_Children: []
  m_Father: {fileID: 4911401833095836}
  m_RootOrder: 0
  m_LocalEulerAnglesHint: {x: 0, y: 0, z: 0}
--- !u!4 &4176715761265204
Transform:
  m_ObjectHideFlags: 1
  m_PrefabParentObject: {fileID: 0}
  m_PrefabInternal: {fileID: 100100000}
  m_GameObject: {fileID: 1015366056956658}
  m_LocalRotation: {x: 0, y: 0, z: 0, w: 1}
  m_LocalPosition: {x: 0, y: 0, z: 0}
  m_LocalScale: {x: 1, y: 1, z: 1}
  m_Children: []
  m_Father: {fileID: 4974251130265892}
  m_RootOrder: 1
  m_LocalEulerAnglesHint: {x: 0, y: 0, z: 0}
--- !u!4 &4292216144899642
Transform:
  m_ObjectHideFlags: 1
  m_PrefabParentObject: {fileID: 0}
  m_PrefabInternal: {fileID: 100100000}
  m_GameObject: {fileID: 1676301358386590}
  m_LocalRotation: {x: 0, y: 0, z: 0, w: 1}
  m_LocalPosition: {x: 0, y: 0, z: 0}
  m_LocalScale: {x: 1, y: 1, z: 1}
  m_Children: []
  m_Father: {fileID: 4974251130265892}
  m_RootOrder: 0
  m_LocalEulerAnglesHint: {x: 0, y: 0, z: 0}
--- !u!4 &4343550207530220
Transform:
  m_ObjectHideFlags: 1
  m_PrefabParentObject: {fileID: 0}
  m_PrefabInternal: {fileID: 100100000}
  m_GameObject: {fileID: 1805970107365828}
  m_LocalRotation: {x: 0, y: 0, z: 0, w: 1}
  m_LocalPosition: {x: 1, y: 0, z: 0}
  m_LocalScale: {x: 1, y: 1, z: 1}
  m_Children: []
  m_Father: {fileID: 4974251130265892}
  m_RootOrder: 4
  m_LocalEulerAnglesHint: {x: 0, y: 0, z: 0}
--- !u!4 &4911401833095836
Transform:
  m_ObjectHideFlags: 1
  m_PrefabParentObject: {fileID: 0}
  m_PrefabInternal: {fileID: 100100000}
  m_GameObject: {fileID: 1933603054763512}
  m_LocalRotation: {x: 0, y: 0, z: 0, w: 1}
  m_LocalPosition: {x: 1, y: 0, z: 0}
  m_LocalScale: {x: 1, y: 1, z: 1}
  m_Children:
  - {fileID: 4057121350976552}
  m_Father: {fileID: 4974251130265892}
  m_RootOrder: 3
  m_LocalEulerAnglesHint: {x: 0, y: 0, z: 0}
--- !u!4 &4974251130265892
Transform:
  m_ObjectHideFlags: 1
  m_PrefabParentObject: {fileID: 0}
  m_PrefabInternal: {fileID: 100100000}
  m_GameObject: {fileID: 1288186765481480}
  m_LocalRotation: {x: 0, y: 0, z: 0, w: 1}
  m_LocalPosition: {x: 38.67784, y: -48.65, z: 0.465546}
  m_LocalScale: {x: 1, y: 1, z: 1}
  m_Children:
  - {fileID: 4292216144899642}
  - {fileID: 4176715761265204}
  - {fileID: 4026804916385464}
  - {fileID: 4911401833095836}
  - {fileID: 4343550207530220}
  m_Father: {fileID: 0}
  m_RootOrder: 0
  m_LocalEulerAnglesHint: {x: 0, y: 0, z: 0}
--- !u!61 &61324802474578924
BoxCollider2D:
  m_ObjectHideFlags: 1
  m_PrefabParentObject: {fileID: 0}
  m_PrefabInternal: {fileID: 100100000}
  m_GameObject: {fileID: 1805970107365828}
  m_Enabled: 1
  m_Density: 1
  m_Material: {fileID: 0}
  m_IsTrigger: 0
  m_UsedByEffector: 0
  m_UsedByComposite: 0
  m_Offset: {x: 0.036636353, y: -0.0030536652}
  m_SpriteTilingProperty:
    border: {x: 0, y: 0, z: 0, w: 0}
    pivot: {x: 0.5, y: 0.5}
    oldSize: {x: 2, y: 2}
    newSize: {x: 2, y: 2}
    adaptiveTilingThreshold: 0.5
    drawMode: 0
    adaptiveTiling: 0
  m_AutoTiling: 0
  serializedVersion: 2
  m_Size: {x: 0.69470215, y: 1.3724632}
  m_EdgeRadius: 0
--- !u!61 &61750785667990938
BoxCollider2D:
  m_ObjectHideFlags: 1
  m_PrefabParentObject: {fileID: 0}
  m_PrefabInternal: {fileID: 100100000}
  m_GameObject: {fileID: 1288186765481480}
  m_Enabled: 1
  m_Density: 1
  m_Material: {fileID: 0}
  m_IsTrigger: 0
  m_UsedByEffector: 0
  m_UsedByComposite: 0
  m_Offset: {x: 0, y: -0.14437103}
  m_SpriteTilingProperty:
    border: {x: 0, y: 0, z: 0, w: 0}
    pivot: {x: 0.5, y: 0.5}
    oldSize: {x: 1, y: 1}
    newSize: {x: 1, y: 1}
    adaptiveTilingThreshold: 0.5
    drawMode: 0
    adaptiveTiling: 0
  m_AutoTiling: 0
  serializedVersion: 2
  m_Size: {x: 1.4374886, y: 1.664978}
  m_EdgeRadius: 0
--- !u!61 &61825659263393624
BoxCollider2D:
  m_ObjectHideFlags: 1
  m_PrefabParentObject: {fileID: 0}
  m_PrefabInternal: {fileID: 100100000}
  m_GameObject: {fileID: 1825928343959356}
  m_Enabled: 1
  m_Density: 1
  m_Material: {fileID: 0}
  m_IsTrigger: 0
  m_UsedByEffector: 0
  m_UsedByComposite: 0
  m_Offset: {x: 0.036636353, y: -0.0030536652}
  m_SpriteTilingProperty:
    border: {x: 0, y: 0, z: 0, w: 0}
    pivot: {x: 0.5, y: 0.5}
    oldSize: {x: 2, y: 2}
    newSize: {x: 2, y: 2}
    adaptiveTilingThreshold: 0.5
    drawMode: 0
    adaptiveTiling: 0
  m_AutoTiling: 0
  serializedVersion: 2
  m_Size: {x: 0.69470215, y: 1.3724632}
  m_EdgeRadius: 0
--- !u!61 &61917650106562602
BoxCollider2D:
  m_ObjectHideFlags: 1
  m_PrefabParentObject: {fileID: 0}
  m_PrefabInternal: {fileID: 100100000}
  m_GameObject: {fileID: 1676301358386590}
  m_Enabled: 1
  m_Density: 1
  m_Material: {fileID: 0}
  m_IsTrigger: 0
  m_UsedByEffector: 0
  m_UsedByComposite: 0
  m_Offset: {x: -0.09200668, y: -0.13846588}
  m_SpriteTilingProperty:
    border: {x: 0, y: 0, z: 0, w: 0}
    pivot: {x: 0, y: 0}
    oldSize: {x: 0, y: 0}
    newSize: {x: 0, y: 0}
    adaptiveTilingThreshold: 0
    drawMode: 0
    adaptiveTiling: 0
  m_AutoTiling: 0
  serializedVersion: 2
  m_Size: {x: 1.1601257, y: 1.6523361}
  m_EdgeRadius: 0
--- !u!114 &114097127279678752
MonoBehaviour:
  m_ObjectHideFlags: 1
  m_PrefabParentObject: {fileID: 0}
  m_PrefabInternal: {fileID: 100100000}
  m_GameObject: {fileID: 1676301358386590}
  m_Enabled: 1
  m_EditorHideFlags: 0
  m_Script: {fileID: 11500000, guid: 1d885fb375794bd4aa1ebffb1798fe2f, type: 3}
  m_Name: 
  m_EditorClassIdentifier: 
  editorHealth: 2
  editorMaxHealth: 2
  isMortal: 1
  canTakeDamage: 1
--- !u!114 &114107068076093502
MonoBehaviour:
  m_ObjectHideFlags: 1
  m_PrefabParentObject: {fileID: 0}
  m_PrefabInternal: {fileID: 100100000}
  m_GameObject: {fileID: 1676301358386590}
  m_Enabled: 1
  m_EditorHideFlags: 0
  m_Script: {fileID: 11500000, guid: fb1c301de1b71e342b225c2690782d06, type: 3}
  m_Name: 
  m_EditorClassIdentifier: 
  collidingBodies: []
  col2D: {fileID: 61917650106562602}
  mask:
    useTriggers: 1
    useLayerMask: 1
    useDepth: 0
    useOutsideDepth: 0
    useNormalAngle: 0
    useOutsideNormalAngle: 0
    layerMask:
      serializedVersion: 2
      m_Bits: 512
    minDepth: 0
    maxDepth: 0
    minNormalAngle: 0
    maxNormalAngle: 0
--- !u!114 &114187710395644402
MonoBehaviour:
  m_ObjectHideFlags: 1
  m_PrefabParentObject: {fileID: 0}
  m_PrefabInternal: {fileID: 100100000}
  m_GameObject: {fileID: 1015366056956658}
  m_Enabled: 1
  m_EditorHideFlags: 0
  m_Script: {fileID: 11500000, guid: d648c4bce8b6f9f46a173cfd129232b8, type: 3}
  m_Name: 
  m_EditorClassIdentifier: 
  spriteRenderer: {fileID: 212355322184145946}
--- !u!114 &114542652869839638
MonoBehaviour:
  m_ObjectHideFlags: 1
  m_PrefabParentObject: {fileID: 0}
  m_PrefabInternal: {fileID: 100100000}
  m_GameObject: {fileID: 1933603054763512}
  m_Enabled: 1
  m_EditorHideFlags: 0
  m_Script: {fileID: 11500000, guid: 643743f8818d507488ca0d00c58c0ab4, type: 3}
  m_Name: 
  m_EditorClassIdentifier: 
  character: {fileID: 114791264947182058}
  verticalArea2D: {fileID: 0}
  verticalSprite: {fileID: 0}
  verticalSound:
    ID: 0
    valueGuid: 00000000000000000000000000000000
  horizontalArea2D: {fileID: 114694437682647746}
  horizontalSprite: {fileID: 212299144995488318}
  horizontalSound:
    ID: 0
    valueGuid: 00000000000000000000000000000000
  hit:
    damage: 1
    knockback: 0
    killInstantly: 0
    damageOverTime: 0
    other: {fileID: 1288186765481480}
  attackLength: 1
--- !u!114 &114546851959143004
MonoBehaviour:
  m_ObjectHideFlags: 1
  m_PrefabParentObject: {fileID: 0}
  m_PrefabInternal: {fileID: 100100000}
  m_GameObject: {fileID: 1355771209667218}
  m_Enabled: 1
  m_EditorHideFlags: 0
  m_Script: {fileID: 11500000, guid: 594a0cb2c6bbb8d4a8a0910926ae9a00, type: 3}
  m_Name: 
  m_EditorClassIdentifier: 
  character: {fileID: 114791264947182058}
  canMoveLeft: {fileID: 114606962464507142}
  canSeeTarget: {fileID: 114606102736090400}
  target: {fileID: 0}
  walkSpeed: 3
  sprintSpeed: 6
  meleeController: {fileID: 114542652869839638}
  swingZone: {fileID: 114893930404607848}
--- !u!114 &114606102736090400
MonoBehaviour:
  m_ObjectHideFlags: 1
  m_PrefabParentObject: {fileID: 0}
  m_PrefabInternal: {fileID: 100100000}
  m_GameObject: {fileID: 1355771209667218}
  m_Enabled: 1
  m_EditorHideFlags: 0
  m_Script: {fileID: 11500000, guid: f215686cc5644694a945d6dba4f6d910, type: 3}
  m_Name: 
  m_EditorClassIdentifier: 
  character: {fileID: 114791264947182058}
  target: {fileID: 0}
  canSeeTarget: 0
  FOV: 45
  viewDistance: 10
  filter:
    useTriggers: 0
    useLayerMask: 1
    useDepth: 0
    useOutsideDepth: 0
    useNormalAngle: 0
    useOutsideNormalAngle: 0
    layerMask:
      serializedVersion: 2
      m_Bits: 768
    minDepth: 0
    maxDepth: 0
    minNormalAngle: 0
    maxNormalAngle: 0
--- !u!114 &114606962464507142
MonoBehaviour:
  m_ObjectHideFlags: 1
  m_PrefabParentObject: {fileID: 0}
  m_PrefabInternal: {fileID: 100100000}
  m_GameObject: {fileID: 1355771209667218}
  m_Enabled: 1
  m_EditorHideFlags: 0
  m_Script: {fileID: 11500000, guid: c2ad49859e66dba4bac0fd71e0a4a8fd, type: 3}
  m_Name: 
  m_EditorClassIdentifier: 
  character: {fileID: 114791264947182058}
  boxCollider2D: {fileID: 61917650106562602}
  isEdgeDetecting: 1
--- !u!114 &114632605838736916
MonoBehaviour:
  m_ObjectHideFlags: 1
  m_PrefabParentObject: {fileID: 0}
  m_PrefabInternal: {fileID: 100100000}
  m_GameObject: {fileID: 1288186765481480}
  m_Enabled: 1
  m_EditorHideFlags: 0
  m_Script: {fileID: 11500000, guid: 94d9334bc3aaef14c8c765b6471dbc41, type: 3}
  m_Name: 
  m_EditorClassIdentifier: 
  hitDamage: 1
  immunityLength: 0.5
  flashTimes: 5
  hitbox: {fileID: 114107068076093502}
  characterSpriteManager: {fileID: 114187710395644402}
  characterHealth: {fileID: 114097127279678752}
  character: {fileID: 114791264947182058}
  knockback: {x: 10, y: 10}
  deathSound:
    ID: 1205999388
    valueGuid: 2e2c46382d82a044bd17f9c89b21b4a3
--- !u!114 &114694437682647746
MonoBehaviour:
  m_ObjectHideFlags: 1
  m_PrefabParentObject: {fileID: 0}
  m_PrefabInternal: {fileID: 100100000}
  m_GameObject: {fileID: 1825928343959356}
  m_Enabled: 1
  m_EditorHideFlags: 0
  m_Script: {fileID: 11500000, guid: fb1c301de1b71e342b225c2690782d06, type: 3}
  m_Name: 
  m_EditorClassIdentifier: 
  collidingBodies: []
  col2D: {fileID: 61825659263393624}
  mask:
    useTriggers: 0
    useLayerMask: 0
    useDepth: 0
    useOutsideDepth: 0
    useNormalAngle: 0
    useOutsideNormalAngle: 0
    layerMask:
      serializedVersion: 2
      m_Bits: 512
    minDepth: 0
    maxDepth: 0
    minNormalAngle: 0
    maxNormalAngle: 0
--- !u!114 &114791264947182058
MonoBehaviour:
  m_ObjectHideFlags: 1
  m_PrefabParentObject: {fileID: 0}
  m_PrefabInternal: {fileID: 100100000}
  m_GameObject: {fileID: 1288186765481480}
  m_Enabled: 1
  m_EditorHideFlags: 0
  m_Script: {fileID: 11500000, guid: b9a2eab8703f3c04b93f56f4fb37abe3, type: 3}
  m_Name: 
  m_EditorClassIdentifier: 
  maxJumpHeight: 4
  minJumpHeight: 1
  timeToJumpApex: 0.4
  accelerationTimeAirborne: 0.2
  accelerationTimeGrounded: 0.1
  accelerationTimeGroundedDashing: 0
  wallJumpClimb: {x: 0, y: 0}
  wallJumpOff: {x: 0, y: 0}
  wallJumpLeap: {x: 0, y: 0}
  wallSlideSpeedMax: 3
  wallStickTime: 0.1
  moveSpeed: 3
  dashDistance: 4
  dashTime: 0.1
  dashCooldown: 1
  velocity: {x: 0, y: 0, z: 0}
  charMotor2D: {fileID: 0}
  facingDirection: 1
  canWallSlide: 0
  canWallJump: 0
  canDash: 0
  isKnockbacked: 0
--- !u!114 &114827393384310850
MonoBehaviour:
  m_ObjectHideFlags: 1
  m_PrefabParentObject: {fileID: 0}
  m_PrefabInternal: {fileID: 100100000}
  m_GameObject: {fileID: 1288186765481480}
  m_Enabled: 1
  m_EditorHideFlags: 0
  m_Script: {fileID: 11500000, guid: aaa7e43748564d8468014b741a9c7f94, type: 3}
  m_Name: 
  m_EditorClassIdentifier: 
  collisionMask:
    serializedVersion: 2
    m_Bits: 256
  maxSlopeAngle: 75
  characterInput: {x: 0, y: 0}
--- !u!114 &114893930404607848
MonoBehaviour:
  m_ObjectHideFlags: 1
  m_PrefabParentObject: {fileID: 0}
  m_PrefabInternal: {fileID: 100100000}
  m_GameObject: {fileID: 1805970107365828}
  m_Enabled: 1
  m_EditorHideFlags: 0
  m_Script: {fileID: 11500000, guid: fb1c301de1b71e342b225c2690782d06, type: 3}
  m_Name: 
  m_EditorClassIdentifier: 
  collidingBodies: []
  col2D: {fileID: 61324802474578924}
  mask:
    useTriggers: 1
    useLayerMask: 1
    useDepth: 0
    useOutsideDepth: 0
    useNormalAngle: 0
    useOutsideNormalAngle: 0
    layerMask:
      serializedVersion: 2
      m_Bits: 512
    minDepth: 0
    maxDepth: 0
    minNormalAngle: 0
    maxNormalAngle: 0
--- !u!212 &212299144995488318
SpriteRenderer:
  m_ObjectHideFlags: 1
  m_PrefabParentObject: {fileID: 0}
  m_PrefabInternal: {fileID: 100100000}
  m_GameObject: {fileID: 1825928343959356}
  m_Enabled: 1
  m_CastShadows: 0
  m_ReceiveShadows: 0
  m_DynamicOccludee: 1
  m_MotionVectors: 1
  m_LightProbeUsage: 1
  m_ReflectionProbeUsage: 1
  m_Materials:
  - {fileID: 10754, guid: 0000000000000000f000000000000000, type: 0}
  m_StaticBatchInfo:
    firstSubMesh: 0
    subMeshCount: 0
  m_StaticBatchRoot: {fileID: 0}
  m_ProbeAnchor: {fileID: 0}
  m_LightProbeVolumeOverride: {fileID: 0}
  m_ScaleInLightmap: 1
  m_PreserveUVs: 0
  m_IgnoreNormalsForChartDetection: 0
  m_ImportantGI: 0
  m_StitchLightmapSeams: 0
  m_SelectedEditorRenderState: 0
  m_MinimumChartSize: 4
  m_AutoUVMaxDistance: 0.5
  m_AutoUVMaxAngle: 89
  m_LightmapParameters: {fileID: 0}
  m_SortingLayerID: -1419445405
  m_SortingLayer: 3
  m_SortingOrder: 0
  m_Sprite: {fileID: 21300000, guid: a5e8680d631b66f4eacd9fdaa53ff535, type: 3}
  m_Color: {r: 1, g: 1, b: 1, a: 1}
  m_FlipX: 0
  m_FlipY: 0
  m_DrawMode: 0
  m_Size: {x: 2, y: 2}
  m_AdaptiveModeThreshold: 0.5
  m_SpriteTileMode: 0
  m_WasSpriteAssigned: 1
  m_MaskInteraction: 0
--- !u!212 &212355322184145946
SpriteRenderer:
  m_ObjectHideFlags: 1
  m_PrefabParentObject: {fileID: 0}
  m_PrefabInternal: {fileID: 100100000}
  m_GameObject: {fileID: 1015366056956658}
  m_Enabled: 1
  m_CastShadows: 0
  m_ReceiveShadows: 0
  m_DynamicOccludee: 1
  m_MotionVectors: 1
  m_LightProbeUsage: 1
  m_ReflectionProbeUsage: 1
  m_Materials:
  - {fileID: 2100000, guid: df3d7adbfb1294b458a608cba06523d6, type: 2}
  m_StaticBatchInfo:
    firstSubMesh: 0
    subMeshCount: 0
  m_StaticBatchRoot: {fileID: 0}
  m_ProbeAnchor: {fileID: 0}
  m_LightProbeVolumeOverride: {fileID: 0}
  m_ScaleInLightmap: 1
  m_PreserveUVs: 0
  m_IgnoreNormalsForChartDetection: 0
  m_ImportantGI: 0
  m_StitchLightmapSeams: 0
  m_SelectedEditorRenderState: 0
  m_MinimumChartSize: 4
  m_AutoUVMaxDistance: 0.5
  m_AutoUVMaxAngle: 89
  m_LightmapParameters: {fileID: 0}
  m_SortingLayerID: 0
  m_SortingLayer: 0
  m_SortingOrder: 0
  m_Sprite: {fileID: 21300000, guid: eb7cf5ca46041b4489f737a34dfd9d14, type: 3}
  m_Color: {r: 1, g: 1, b: 1, a: 1}
  m_FlipX: 1
  m_FlipY: 0
  m_DrawMode: 0
  m_Size: {x: 1, y: 1}
  m_AdaptiveModeThreshold: 0.5
  m_SpriteTileMode: 0
  m_WasSpriteAssigned: 1
  m_MaskInteraction: 0
